<collection xmlns="http://www.loc.gov/MARC21/slim">
<record>
  <leader>02295nam0a22004331i 450 </leader>
  <controlfield tag="001">IT\ICCU\CNCE\031989</controlfield>
  <controlfield tag="005">20090811000000.0</controlfield>
  <datafield tag="012" ind1=" " ind2=" ">
    <subfield code="a">4.a- o-e* urS. dior (3) 1515 (R)</subfield>
    <subfield code="2">fei</subfield>
  </datafield>
  <datafield tag="100" ind1=" " ind2=" ">
    <subfield code="a">19971209d1515        0itac0103    ba</subfield>
  </datafield>
  <datafield tag="101" ind1=" " ind2=" ">
    <subfield code="a">LAT</subfield>
  </datafield>
  <datafield tag="102" ind1=" " ind2=" ">
    <subfield code="a">IT</subfield>
  </datafield>
  <datafield tag="200" ind1="1" ind2=" ">
    <subfield code="a">℗Eximii sacrae theologiae doctoris r.p.f. Siluestri de Prierio Ordi. praedicato. ℗Quadragesimale aureum</subfield>
  </datafield>
  <datafield tag="210" ind1=" " ind2=" ">
    <subfield code="e">Venetijs</subfield>
    <subfield code="g">per Lazarum de Soardis</subfield>
    <subfield code="h">1515 die XV Septemb.</subfield>
  </datafield>
  <datafield tag="215" ind1=" " ind2=" ">
    <subfield code="a">\2!, 90 c.</subfield>
    <subfield code="d">4ʻ</subfield>
  </datafield>
  <datafield tag="620" ind1=" " ind2=" ">
    <subfield code="a">IT</subfield>
    <subfield code="d">Venezia</subfield>
  </datafield>
  <datafield tag="700" ind1=" " ind2="1">
    <subfield code="a">Mazzolini,</subfield>
    <subfield code="b">Silvestro</subfield>
    <subfield code="3">IT\ICCU\CNCA\013492</subfield>
  </datafield>
  <datafield tag="712" ind1="0" ind2="0">
    <subfield code="a">Soardi, Lazzaro</subfield>
    <subfield code="3">IT\ICCU\CNCT\000387</subfield>
    <subfield code="4">650</subfield>
  </datafield>
  <datafield tag="790" ind1=" " ind2="0">
    <subfield code="a">Sylvester</subfield>
    <subfield code="c"> : de#Prierio</subfield>
    <subfield code="3">IT\ICCU\CNCA\006648</subfield>
    <subfield code="z">Mazzolini, Silvestro</subfield>
  </datafield>
  <datafield tag="790" ind1=" " ind2="0">
    <subfield code="a">Prierias</subfield>
    <subfield code="3">IT\ICCU\CNCA\017154</subfield>
    <subfield code="z">Mazzolini, Silvestro</subfield>
  </datafield>
  <datafield tag="790" ind1=" " ind2="0">
    <subfield code="a">Silvester</subfield>
    <subfield code="c"> : Prierias</subfield>
    <subfield code="3">IT\ICCU\CNCA\021240</subfield>
    <subfield code="z">Mazzolini, Silvestro</subfield>
  </datafield>
  <datafield tag="790" ind1=" " ind2="1">
    <subfield code="a">Mazolini,</subfield>
    <subfield code="b">Silvestro</subfield>
    <subfield code="3">IT\ICCU\CNCA\026519</subfield>
    <subfield code="z">Mazzolini, Silvestro</subfield>
  </datafield>
  <datafield tag="791" ind1="0" ind2="0">
    <subfield code="a">Suardi, Lazzaro</subfield>
    <subfield code="3">IT\ICCU\CNCT\002884</subfield>
    <subfield code="z">Soardi, Lazzaro</subfield>
  </datafield>
  <datafield tag="791" ind1="0" ind2="0">
    <subfield code="a">Soardus, Lazarus</subfield>
    <subfield code="3">IT\ICCU\CNCT\005682</subfield>
    <subfield code="z">Soardi, Lazzaro</subfield>
  </datafield>
  <datafield tag="791" ind1="0" ind2="0">
    <subfield code="a">Soardis, Lazarus de</subfield>
    <subfield code="3">IT\ICCU\CNCT\005684</subfield>
    <subfield code="z">Soardi, Lazzaro</subfield>
  </datafield>
  <datafield tag="791" ind1="0" ind2="0">
    <subfield code="a">Soardo, Lazaro</subfield>
    <subfield code="3">IT\ICCU\CNCT\005685</subfield>
    <subfield code="z">Soardi, Lazzaro</subfield>
  </datafield>
  <datafield tag="801" ind1=" " ind2="3">
    <subfield code="a">IT</subfield>
    <subfield code="b">ICCU</subfield>
    <subfield code="c">20201114</subfield>
  </datafield>
  <datafield tag="899" ind1=" " ind2=" ">
    <subfield code="a">Biblioteca del Seminario vescovile. Casale Monferrato</subfield>
    <subfield code="1">AL0024</subfield>
    <subfield code="2">TO0 L2</subfield>
  </datafield>
  <datafield tag="899" ind1=" " ind2=" ">
    <subfield code="a">Biblioteca civica A. Mai. Bergamo</subfield>
    <subfield code="1">BG0026</subfield>
    <subfield code="2">LO1 02</subfield>
  </datafield>
  <datafield tag="899" ind1=" " ind2=" ">
    <subfield code="a">Biblioteca universitaria. Bologna</subfield>
    <subfield code="1">BO0098</subfield>
    <subfield code="2">UBO BU</subfield>
  </datafield>
  <datafield tag="899" ind1=" " ind2=" ">
    <subfield code="a">Biblioteca Apostolica Vaticana. Citt ̉del Vaticano</subfield>
    <subfield code="1">EX0001</subfield>
    <subfield code="2">ZCV 01</subfield>
  </datafield>
  <datafield tag="899" ind1=" " ind2=" ">
    <subfield code="a">Biblioteca regionale universitaria. Messina</subfield>
    <subfield code="1">ME0050</subfield>
    <subfield code="2">PAL BM</subfield>
  </datafield>
  <datafield tag="899" ind1=" " ind2=" ">
    <subfield code="a">Biblioteca Estense Universitaria. Modena</subfield>
    <subfield code="1">MO0089</subfield>
    <subfield code="2">MOD BE</subfield>
  </datafield>
  <datafield tag="899" ind1=" " ind2=" ">
    <subfield code="a">Biblioteca Ludovico Jacobilli del Seminario vescovile. Foligno</subfield>
    <subfield code="z">MUTILO</subfield>
    <subfield code="1">PG0040</subfield>
    <subfield code="2">UM1 39</subfield>
  </datafield>
  <datafield tag="899" ind1=" " ind2=" ">
    <subfield code="a">Biblioteca nazionale centrale. Roma</subfield>
    <subfield code="1">RM0267</subfield>
    <subfield code="2">BVE CR</subfield>
  </datafield>
  <datafield tag="899" ind1=" " ind2=" ">
    <subfield code="a">Biblioteca universitaria Alessandrina. Roma</subfield>
    <subfield code="1">RM0280</subfield>
    <subfield code="2">RML 01</subfield>
  </datafield>
  <datafield tag="899" ind1=" " ind2=" ">
    <subfield code="a">Biblioteca dell&apos;Accademia nazionale dei Lincei e Corsiniana. Roma</subfield>
    <subfield code="1">RM0418</subfield>
    <subfield code="2">RML 10</subfield>
  </datafield>
  <datafield tag="899" ind1=" " ind2=" ">
    <subfield code="a">Biblioteca nazionale universitaria. Torino</subfield>
    <subfield code="1">TO0265</subfield>
    <subfield code="2">TO0 02</subfield>
  </datafield>
  <datafield tag="911" ind1=" " ind2=" ">
    <subfield code="a">In fine</subfield>
    <subfield code="9">IT\ICCU\CNCM\000685</subfield>
  </datafield>
  <datafield tag="921" ind1=" " ind2=" ">
    <subfield code="a">IT\ICCU\CNCM\000685</subfield>
    <subfield code="b">Cerchio con croce doppia e iniziali L.S.O.</subfield>
    <subfield code="c">K303</subfield>
    <subfield code="c">Z283</subfield>
    <subfield code="d">dimensioni: 3,2x4,2</subfield>
    <subfield code="f">CERCHIO</subfield>
    <subfield code="f">CROCE</subfield>
    <subfield code="f">LSO</subfield>
    <subfield code="g">1511-1517</subfield>
  </datafield>
</record>
</collection>
